@article{sandhu1994access,
  title={Access control: principle and practice},
  author={Sandhu, Ravi S and Samarati, Pierangela},
  journal={IEEE communications magazine},
  volume={32},
  number={9},
  pages={40--48},
  year={1994},
  publisher={IEEE}
}

@inproceedings{provos1999future,
  title={A Future-Adaptable Password Scheme.},
  author={Provos, Niels and Mazieres, David},
  booktitle={USENIX Annual Technical Conference, FREENIX Track},
  pages={81--91},
  year={1999}
}
